@incollection{ricci2011introduction,
  title={Introduction to recommender systems handbook},
  author={Ricci, Francesco and Rokach, Lior and Shapira, Bracha},
  booktitle={Recommender systems handbook},
  pages={1--35},
  year={2011},
  publisher={Springer}
}
@inproceedings{tintarev2007survey,
  title={A survey of explanations in recommender systems},
  author={Tintarev, Nava and Masthoff, Judith},
  booktitle={Data Engineering Workshop, 2007 IEEE 23rd International Conference on},
  pages={801--810},
  year={2007},
  organization={IEEE}
}
@article{mcsherry2005explanation,
  title={Explanation in recommender systems},
  author={McSherry, David},
  journal={Artificial Intelligence Review},
  volume={24},
  number={2},
  pages={179--197},
  year={2005},
  publisher={Springer}
}
@inproceedings{kulesza2013too,
  title={Too much, too little, or just right? Ways explanations impact end users' mental models},
  author={Kulesza, Todd and Stumpf, Simone and Burnett, Margaret and Yang, Sherry and Kwan, Irwin and Wong, Weng-Keen},
  booktitle={Visual Languages and Human-Centric Computing (VL/HCC), 2013 IEEE Symposium on},
  pages={3--10},
  year={2013},
  organization={IEEE}
}
@inproceedings{lim2010toolkit,
  title={Toolkit to support intelligibility in context-aware applications},
  author={Lim, Brian Y and Dey, Anind K},
  booktitle={Proceedings of the 12th ACM international conference on Ubiquitous computing},
  pages={13--22},
  year={2010},
  organization={ACM}
}
@inproceedings{al2013explanations,
  title={Explanations in recommender systems: overview and research approaches},
  author={Al-Taie, MOHAMMED Z},
  booktitle={Proceedings of the 14th International Arab Conference on Information Technology, Khartoum, Sudan, ACIT},
  volume={13},
  year={2013}
}
@article{gedikli2014should,
  title={How should I explain? A comparison of different explanation types for recommender systems},
  author={Gedikli, Fatih and Jannach, Dietmar and Ge, Mouzhi},
  journal={International Journal of Human-Computer Studies},
  volume={72},
  number={4},
  pages={367--382},
  year={2014},
  publisher={Elsevier}
}
@inproceedings{bader122011explanations,
  title={Explanations in proactive recommender systems in automotive scenarios},
  author={Bader12, Roland and Karitnig, Andreas and Woerndl, Wolfgang and Leitner, Gerhard},
  booktitle={First International Workshop on Decision Making and Recommendation Acceptance Issues in Recommender Systems (DEMRA 2011)},
  pages={11},
  year={2011}
}
@article{koo2015did,
  title={Why did my car just do that? Explaining semi-autonomous driving actions to improve driver understanding, trust, and performance},
  author={Koo, Jeamin and Kwac, Jungsuk and Ju, Wendy and Steinert, Martin and Leifer, Larry and Nass, Clifford},
  journal={International Journal on Interactive Design and Manufacturing (IJIDeM)},
  volume={9},
  number={4},
  pages={269--275},
  year={2015},
  publisher={Springer}
}
@inproceedings{lim2010toolkit,
  title={Toolkit to support intelligibility in context-aware applications},
  author={Lim, Brian Y and Dey, Anind K},
  booktitle={Proceedings of the 12th ACM international conference on Ubiquitous computing},
  pages={13--22},
  year={2010},
  organization={ACM}
}
@inproceedings{lim2011design,
  title={Design of an intelligible mobile context-aware application},
  author={Lim, Brian Y and Dey, Anind K},
  booktitle={Proceedings of the 13th International Conference on Human Computer Interaction with Mobile Devices and Services},
  pages={157--166},
  year={2011},
  organization={ACM}
}